@article{Byckling:1969sx,
  author  = {Byckling, E. and Kajantie, K.},
  title   = {{N-particle phase space in terms of invariant momentum transfers}},
  doi     = {10.1016/0550-3213(69)90271-5},
  journal = {Nucl. Phys. B},
  volume  = {9},
  pages   = {568--576},
  year    = {1969}
}
@article{Isaacson:2021xty,
  author        = {Isaacson, Joshua and H\"oche, Stefan and Lopez Gutierrez, Diego and Rocco, Noemi},
  title         = {{Novel event generator for the automated simulation of neutrino scattering}},
  eprint        = {2110.15319},
  archiveprefix = {arXiv},
  primaryclass  = {hep-ph},
  reportnumber  = {FERMILAB-PUB-21-537-T, MCNET-21-31},
  doi           = {10.1103/PhysRevD.105.096006},
  journal       = {Phys. Rev. D},
  volume        = {105},
  number        = {9},
  pages         = {096006},
  year          = {2022}
}